@article{chong2014revisiting,
  title={Revisiting the Performance of MACD and RSI Oscillators},
  author={Chong, Terence Tai-Leung and Ng, Wing-Kam and Liew, Venus Khim-Sen},
  journal={Journal of risk and financial management},
  volume={7},
  number={1},
  pages={1--12},
  year={2014},
  publisher={MDPI}
}

@article{ulku2013drivers,
  title={Drivers of technical trend-following rules' profitability in world stock markets},
  author={{\"U}lk{\"u}, Numan and Prodan, Eugeniu},
  journal={International Review of Financial Analysis},
  volume={30},
  pages={214--229},
  year={2013},
  publisher={Elsevier}
}

@misc{investopediaMACDIndicator,
	author = {Dolan, Brian},
	title = {{M}{A}{C}{D} {I}ndicator {E}xplained, with {F}ormula, {E}xamples, and {L}imitations. {I}nvestopedia},
	year = {2023},
    url = {https://www.investopedia.com/terms/m/macd.asp},
}

@misc{forbesDemystifyingMACD,
	author = {Tom Aspray},
	title = {{D}emystifying the {M}{A}{C}{D}. {F}orbes},
    url = {https://www.forbes.com/sites/tomaspray/2011/10/22/demystifying-the-macd/},
	year = {2011}
}

@article{jones2008efficient,
  title={Efficient capital markets},
  author={Jones, Steven L and Netter, Jeffry M},
  journal={The Concise Encyclopedia of Economic},
  volume={15},
  year={2008}
}

@article{malkiel2003efficient,
  title={The efficient market hypothesis and its critics},
  author={Malkiel, Burton G},
  journal={Journal of economic perspectives},
  volume={17},
  number={1},
  pages={59--82},
  year={2003},
  publisher={American Economic Association}
}

@book{teall2022financial,
  title={Financial trading and investing},
  author={Teall, John L},
  year={2022},
  publisher={Academic Press}
}

@article{park2004profitability,
  title={The profitability of technical analysis: A review},
  author={Park, Cheol-Ho and Irwin, Scott H},
  year={2004},
  journal={AgMAS Project Research Report}
}

@article{hudson1996note,
  title={A note on the weak form efficiency of capital markets: The application of simple technical trading rules to UK stock prices-1935 to 1994},
  author={Hudson, Robert and Dempsey, Michael and Keasey, Kevin},
  journal={Journal of banking \& finance},
  volume={20},
  number={6},
  pages={1121--1132},
  year={1996},
  publisher={Elsevier}
}

@misc{forbesWhatRelative,
	author = {Kat Tretina},
	title = {{W}hat {I}s {T}he {R}elative {S}trength {I}ndex ({R}{S}{I})?. {F}orbes},
    url = {https://www.forbes.com/advisor/investing/relative-strength-index-rsi},
	year = {2023},
}

@article{buxbaum2019target,
  title={Target price optimism, investor sentiment, and the informativeness of analysts' target prices},
  author={Buxbaum, Markus and Schultze, Wolfgang and Tiras, Samuel L},
  journal={Kelley School of Business Research Paper},
  number={19-26},
  year={2021}
}

@article{bradshaw2013sell,
  title={Do sell-side analysts exhibit differential target price forecasting ability?},
  author={Bradshaw, Mark T and Brown, Lawrence D and Huang, Kelly},
  journal={Review of Accounting Studies},
  volume={18},
  pages={930--955},
  year={2013},
  publisher={Springer}
}

@article{gleason2013valuation,
  title={Valuation model use and the price target performance of sell-side equity analysts},
  author={Gleason, Cristi A and Bruce Johnson, W and Li, Haidan},
  journal={Contemporary Accounting Research},
  volume={30},
  number={1},
  pages={80--115},
  year={2013},
  publisher={Wiley Online Library}
}

@article{clarkson2015target,
  title={Target price forecasts: Fundamental and non-fundamental factors},
  author={Clarkson, Peter and Nekrasov, Alexander and Simon, Andreas and Tutticci, Irene},
  journal={Available at SSRN},
  volume={2104433},
  year={2015}
}

@article{chevalier1997risk,
  title={Risk taking by mutual funds as a response to incentives},
  author={Chevalier, Judith and Ellison, Glenn},
  journal={Journal of political economy},
  volume={105},
  number={6},
  pages={1167--1200},
  year={1997},
  publisher={The University of Chicago Press}
}

@article{chowdhury2014news,
  title={News analytics and sentiment analysis to predict stock price trends},
  author={Chowdhury, Spandan Ghose and Routh, Soham and Chakrabarti, Satyajit},
  journal={International Journal of Computer Science and Information Technologies},
  volume={5},
  number={3},
  pages={3595--3604},
  year={2014},
  publisher={Citeseer}
}

@article{cui2023survey,
  title={Survey on sentiment analysis: evolution of research methods and topics},
  author={Cui, Jingfeng and Wang, Zhaoxia and Ho, Seng-Beng and Cambria, Erik},
  journal={Artificial Intelligence Review},
  pages={1--42},
  year={2023},
  publisher={Springer}
}

@article{lai2023sentiment,
  title={Sentiment Analysis is Virtually Useless in Financial Forecasting},
  author={Lai, Isabella},
  journal={Available at SSRN 4545418},
  year={2023}
}

@article{mishev2020evaluation,
  title={Evaluation of sentiment analysis in finance: from lexicons to transformers},
  author={Mishev, Kostadin and Gjorgjevikj, Ana and Vodenska, Irena and Chitkushev, Lubomir T and Trajanov, Dimitar},
  journal={IEEE access},
  volume={8},
  pages={131662--131682},
  year={2020},
  publisher={IEEE}
}

@article{nguyen2015sentiment,
  title={Sentiment analysis on social media for stock movement prediction},
  author={Nguyen, Thien Hai and Shirai, Kiyoaki and Velcin, Julien},
  journal={Expert Systems with Applications},
  volume={42},
  number={24},
  pages={9603--9611},
  year={2015},
  publisher={Elsevier}
}

@misc{euronext2023,
    title = {Product Directory},
    author = {{Euronext}},
    year = {2023},
    url = {https://live.euronext.com/nb/products/equities/list},
    journal = {Euronext Live kurser}
}

@article{loughran2011liability,
  title={When is a liability not a liability? Textual analysis, dictionaries, and 10-Ks},
  author={Loughran, Tim and McDonald, Bill},
  journal={The Journal of finance},
  volume={66},
  number={1},
  pages={35--65},
  year={2011},
  publisher={Wiley Online Library}
}

@inproceedings{iezzi2020text,
  title={Text analytics: Present, past and future},
  author={Iezzi, Domenica Fioredistella and Celardo, Livia},
  booktitle={Text Analytics: Advances and Challenges},
  pages={3--15},
  year={2020},
  organization={Springer}
}

@article{KEARNEY2014171,
title = {Textual sentiment in finance: A survey of methods and models},
journal = {International Review of Financial Analysis},
volume = {33},
pages = {171-185},
year = {2014},
issn = {1057-5219},
author = {Colm Kearney and Sha Liu},
}

@article{das1998earnings,
  title={Earnings predictability and bias in analysts' earnings forecasts},
  author={Das, Somnath and Levine, Carolyn B and Sivaramakrishnan, Konduru},
  journal={Accounting Review},
  pages={277--294},
  year={1998},
  publisher={JSTOR}
}

@misc{uwWhatCauses,
	author = {University of Washington},
	title = { {W}hat causes a research paper to be highly cited? | {U}{W} {D}epartment of {E}lectrical \&amp; {C}omputer {E}ngineering  --- ece.uw.edu},
organization = {University of Washington},
	howpublished = {\url{https://www.ece.uw.edu/spotlight/highly-cited-papers/}},
	year = {},
	note = {[Accessed 30-10-2023]},
}

@article{matsumoto2002management,
  title={Management's incentives to avoid negative earnings surprises},
  author={Matsumoto, Dawn A},
  journal={The accounting review},
  volume={77},
  number={3},
  pages={483--514},
  year={2002}
}

@article{brous1993reexamination,
  title={A reexamination of analysts' earnings forecasts for takeover targets},
  author={Brous, Peter A and Kini, Omesh},
  journal={Journal of Financial Economics},
  volume={33},
  number={2},
  pages={201--225},
  year={1993},
  publisher={Elsevier}
}

@article{al2020death,
  title={Death and contagious infectious diseases: Impact of the COVID-19 virus on stock market returns},
  author={Al-Awadhi, Abdullah M and Alsaifi, Khaled and Al-Awadhi, Ahmad and Alhammadi, Salah},
  journal={Journal of behavioral and experimental finance},
  volume={27},
  pages={100326},
  year={2020},
  publisher={Elsevier}
}

@article{chincarini2020beta,
  title={Beta and firm age},
  author={Chincarini, Ludwig B and Kim, Daehwan and Moneta, Fabio},
  journal={Journal of Empirical Finance},
  volume={58},
  pages={50--74},
  year={2020},
  publisher={Elsevier}
}

@article{coad2016innovation,
  title={Innovation and firm growth: does firm age play a role?},
  author={Coad, Alex and Segarra, Agust{\'\i} and Teruel, Mercedes},
  journal={Research policy},
  volume={45},
  number={2},
  pages={387--400},
  year={2016},
  publisher={Elsevier}
}

@article{loderer2010firm,
  title={Firm age and performance},
  author={Loderer, Claudio F and Waelchli, Urs},
  journal={Available at SSRN 1342248},
  year={2010}
}

@article{filiz2021sticky,
  title={Sticky Stock Market Analysts},
  author={Filiz, Ibrahim and Judek, Jan Ren{\'e} and Lorenz, Marco and Spiwoks, Markus},
  journal={Journal of Risk and Financial Management},
  volume={14},
  number={12},
  pages={593},
  year={2021},
  publisher={MDPI}
}

@article{bouchaud2019sticky,
  title={Sticky expectations and the profitability anomaly},
  author={Bouchaud, Jean-Philippe and Krueger, Philipp and Landier, Augustin and Thesmar, David},
  journal={The Journal of Finance},
  volume={74},
  number={2},
  pages={639--674},
  year={2019},
  publisher={Wiley Online Library}
}

@article{huang2022stock,
  title={Stock dividend and analyst optimistic bias in earnings forecast},
  author={Huang, Lixin and Li, Wei and Wang, Hong and Wu, Liansheng},
  journal={International Review of Economics \& Finance},
  volume={78},
  pages={643--659},
  year={2022},
  publisher={Elsevier}
}

@article{chang2017analyst,
  title={Analyst optimism and incentives under market uncertainty},
  author={Chang, Jin Woo and Choi, Hae Mi},
  journal={Financial Review},
  volume={52},
  number={3},
  pages={307--345},
  year={2017},
  publisher={Wiley Online Library}
}

@article{hohler2021measuring,
  title={Measuring the impact of COVID-19 on stock prices and profits in the food supply chain},
  author={H{\"o}hler, Julia and Lansink, Alfons Oude},
  journal={Agribusiness},
  volume={37},
  number={1},
  pages={171--186},
  year={2021},
  publisher={Wiley Online Library}
}

@article{cho2014effect,
  title={The effect of the accrual component of earnings volatility on security analysts' target price forecast performance},
  author={Cho, Joong-Seok},
  journal={Investment Analysts Journal},
  volume={43},
  number={79},
  pages={51--56},
  year={2014},
  publisher={Taylor \& Francis}
}

@article{el2016enhancement,
  title={Enhancement bag-of-words model for solving the challenges of sentiment analysis},
  author={El-Din, Doaa Mohey},
  journal={International Journal of Advanced Computer Science and Applications},
  volume={7},
  number={1},
  year={2016},
  publisher={Citeseer}
}

@article{li2010information,
  title={The information content of forward-looking statements in corporate filings—A na{\"\i}ve Bayesian machine learning approach},
  author={Li, Feng},
  journal={Journal of Accounting Research},
  volume={48},
  number={5},
  pages={1049--1102},
  year={2010},
  publisher={Wiley Online Library}
}

@article{fama1966filter,
  title={Filter rules and stock-market trading},
  author={Fama, Eugene F and Blume, Marshall E},
  journal={The Journal of Business},
  volume={39},
  number={1},
  pages={226--241},
  year={1966},
  publisher={JSTOR}
}

@article{jensen1970random,
  title={Random walks and technical theories: Some additional evidence},
  author={Jensen, Michael C and Benington, George A},
  journal={The Journal of finance},
  volume={25},
  number={2},
  pages={469--482},
  year={1970},
  publisher={JSTOR}
}

@article{bessembinder1998market,
  title={Market efficiency and the returns to technical analysis},
  author={Bessembinder, Hendrik and Chan, Kalok},
  journal={Financial management},
  pages={5--17},
  year={1998},
  publisher={JSTOR}
}

@article{andersen2001distribution,
  title={The distribution of realized stock return volatility},
  author={Andersen, Torben G and Bollerslev, Tim and Diebold, Francis X and Ebens, Heiko},
  journal={Journal of financial economics},
  volume={61},
  number={1},
  pages={43--76},
  year={2001},
  publisher={Elsevier}
}

@book{taylor2008modelling,
  title={Modelling financial time series},
  author={Taylor, Stephen J},
  year={2008},
  publisher={world scientific}
}

@article{french1987expected,
  title={Expected stock returns and volatility},
  author={French, Kenneth R and Schwert, G William and Stambaugh, Robert F},
  journal={Journal of financial Economics},
  volume={19},
  number={1},
  pages={3--29},
  year={1987},
  publisher={Elsevier}
}

@article{pineiro2008evaluate,
  title={How to evaluate models: observed vs. predicted or predicted vs. observed?},
  author={Pi{\~n}eiro, Gervasio and Perelman, Susana and Guerschman, Juan P and Paruelo, Jos{\'e} M},
  journal={Ecological modelling},
  volume={216},
  number={3-4},
  pages={316--322},
  year={2008},
  publisher={Elsevier}
}

@article{kobayashi2000comparing,
  title={Comparing simulated and measured values using mean squared deviation and its components},
  author={Kobayashi, Kazuhiko and Salam, Moin Us},
  journal={Agronomy Journal},
  volume={92},
  number={2},
  pages={345--352},
  year={2000},
  publisher={Wiley Online Library}
}

@article{gauch2003model,
  title={Model evaluation by comparison of model-based predictions and measured values},
  author={Gauch, Hugh G and Hwang, JT Gene and Fick, Gary W},
  journal={Agronomy Journal},
  volume={95},
  number={6},
  pages={1442--1446},
  year={2003},
  publisher={Wiley Online Library}
}

@article{tekin2020firm,
  title={Firm size and dividend policy of European firms: evidence from financial crises},
  author={TEK{\.I}N, Hasan},
  journal={Marmara {\"U}niversitesi Avrupa Ara{\c{s}}t{\i}rmalar{\i} Enstit{\"u}s{\"u} Avrupa Ara{\c{s}}t{\i}rmalar{\i} Dergisi},
  volume={28},
  number={1},
  pages={109--121},
  year={2020},
  publisher={Marmara University}
}

@misc{YahooFinance, 
    author = {Yahoo!},
    title = {Historical Financial Data},
    url={https://finance.yahoo.com/},
    year = {2023}
} 

@misc{bloomberg2023,
  author = {{Bloomberg L.P.}},
  title = {Bloomberg Terminal},
  howpublished = {Bloomberg Finance L.P.},
  year = {2023}
}

@article{bhootra2015mutual,
  title={Mutual fund performance: luck or skill?},
  author={Bhootra, Ajay and Drezner, Zvi and Schwarz, Christopher and Stohs, Mark Hoven},
  journal={International Journal of Business},
  volume={20},
  number={1},
  pages={52},
  year={2015},
  publisher={Premier Publishing, Inc.}
}

@article{puckett2011interim,
  title={The interim trading skills of institutional investors},
  author={Puckett, Andy and Yan, Xuemin},
  journal={The Journal of Finance},
  volume={66},
  number={2},
  pages={601--633},
  year={2011},
  publisher={Wiley Online Library}
}

@article{bonini2010target,
  title={Target price accuracy in equity research},
  author={Bonini, Stefano and Zanetti, Laura and Bianchini, Roberto and Salvi, Antonio},
  journal={Journal of Business Finance \& Accounting},
  volume={37},
  number={9-10},
  pages={1177--1217},
  year={2010},
  publisher={Wiley Online Library}
}

@article{nofer2015crowds,
  title={Are Crowds on the Internet Wiser than Experts?--The Case of a Stock Prediction Community},
  author={Nofer, Michael and Nofer, Michael},
  journal={The Value of Social Media for Predicting Stock Returns: Preconditions, Instruments and Performance Analysis},
  pages={27--61},
  year={2015},
  publisher={Springer}
}

@article{bodnaruk2015financial,
  title={Do financial experts make better investment decisions?},
  author={Bodnaruk, Andriy and Simonov, Andrei},
  journal={Journal of financial Intermediation},
  volume={24},
  number={4},
  pages={514--536},
  year={2015},
  publisher={Elsevier}
}

@mastersthesis{gunvaldsen2021difference,
  title={The difference in bias and inaccuracy between commissioned and traditional sell-side equity research: evidence from Nordic investment banks after MiFID II implementation},
  author={Gunvaldsen, Carl Ludvig and Walmann, Haakon},
  year={2021}
}

@misc{shearmanMiFIDUpdate,
	author = {{Shearman \& Sterling}},
	title = {MIFID II: AN UPDATE ON THE RULES FOR UNBUNDLING OF RESEARCH},
	year = {2023}
}

@misc{investopediaWeakStrong,
	author = {Maverick, J.B.},
	title = {{T}he {W}eak, {S}trong, and {S}emi-{S}trong {E}fficient {M}arket {H}ypotheses. {I}nvestopedia},
    url = {https://www.investopedia.com/ask/answers/032615/what-are-differences-between-weak-strong-and-semistrong-versions-efficient-market-hypothesis.asp},
	year = {2023},
}

@phdthesis{frade2019technical,
  title={Technical Indicators. A Comparative Study},
  author={Frade, Valter},
  year={2019}
}

@article{chong2008technical,
  title={Technical analysis and the London stock exchange: testing the MACD and RSI rules using the FT30},
  author={Chong, Terence Tai-Leung and Ng, Wing-Kam},
  journal={Applied Economics Letters},
  volume={15},
  number={14},
  pages={1111--1114},
  year={2008},
  publisher={Taylor \& Francis}
}

@misc{investopediaIdentifyingMarket,
	author = {Investopedia},
	title = {{I}dentifying {M}arket {T}rends. {I}nvestopedia},
    url = {https://www.investopedia.com/articles/technical/03/060303.asp},
	year = {2021},
}

@article{hojem1988empirical,
  title={Empirical investigation of visual-inspection versus trend-line analysis of single-subject data},
  author={Hojem, Margaret A and Ottenbacher, Kenneth J},
  journal={Physical Therapy},
  volume={68},
  number={6},
  pages={983--988},
  year={1988},
  publisher={Oxford University Press}
}

@misc{investopediaTechnicalAnalysis,
	author = {Hayes, Adam},
	title = {{T}echnical {A}nalysis: {W}hat {I}t {I}s and {H}ow to {U}se {I}t in {I}nvesting. {I}nvestopedia},
	year = {2022},
    url = {https://www.investopedia.com/terms/t/technicalanalysis.asp},
}

@book{witten2013introduction,
  title={{An introduction to statistical learning with applications in R}},
  author={Witten, Daniela and James, Gareth},
  year={2013},
  publisher={Springer Publication}
}

@Article{app12083928,
    AUTHOR = {Jadhav, Anil and M. Mostafa, Samih and Elmannai, Hela and Karim, Faten Khalid},
    TITLE = {An Empirical Assessment of Performance of Data Balancing Techniques in Classification Task},
    JOURNAL = {Applied Sciences},
    VOLUME = {12},
    YEAR = {2022},
    NUMBER = {8},
    ARTICLE-NUMBER = {3928},
    ISSN = {2076-3417}
}

@book{casella2002,
  title     = "Statistical Inference (2nd Edition)",
  author    = "Casella, George",
  year      = "2002",
  publisher = "Thomson Learning",
  address   = "Pacific Grove, CA"
}

@inproceedings{Chen:2016:XST:2939672.2939785,
 author = {Chen, Tianqi and Guestrin, Carlos},
 title = {{XGBoost}: A Scalable Tree Boosting System},
 booktitle = {Proceedings of the 22nd ACM SIGKDD International Conference on Knowledge Discovery and Data Mining},
 series = {KDD '16},
 year = {2016},
 isbn = {978-1-4503-4232-2},
 location = {San Francisco, California, USA},
 pages = {785--794},
 numpages = {10},
 acmid = {2939785},
 publisher = {ACM},
 address = {New York, NY, USA},
 keywords = {large-scale machine learning},
}

@article{barberis2018extrapolation,
  title={Extrapolation and bubbles},
  author={Barberis, Nicholas and Greenwood, Robin and Jin, Lawrence and Shleifer, Andrei},
  journal={Journal of Financial Economics},
  volume={129},
  number={2},
  pages={203--227},
  year={2018},
  publisher={Elsevier}
}

@article{clarkson2020target,
  title={Target price forecasts: The roles of the 52-week high price and recent investor sentiment},
  author={Clarkson, Peter and Nekrasov, Alexander and Simon, Andreas and Tutticci, Irene},
  journal={Journal of Business Finance \& Accounting},
  volume={47},
  number={9-10},
  pages={1365--1399},
  year={2020},
  publisher={Wiley Online Library}
}

@book{book:econometricswatson,
   title =     {Introduction to Econometrics, Global Edition},
   author =    {James H. Stock, Mark W. Watson},
   publisher = {Pearson Education Limited},
   year =      {2020},
   series =    {},
   edition =   {4},
   volume =    {}
}

@inproceedings{shefrin2007behavioral,
  title={Behavioral finance: biases, mean-variance returns, and risk premiums},
  author={Shefrin, Hersh and Belotti, Mario L},
  booktitle={CFA Institute Conference Proceedings Quarterly},
  volume={24},
  number={2},
  pages={4--12},
  year={2007},
  organization={Citeseer}
}

@article{mercerprob2017,
    author = {Mercer, Andrew W. and Kreuter, Frauke and Keeter, Scott and Stuart, Elizabeth A.},
    title = "{Theory and Practice in Nonprobability Surveys: Parallels between Causal Inference and Survey Inference}",
    journal = {Public Opinion Quarterly},
    volume = {81},
    number = {S1},
    pages = {250-271},
    year = {2017},
    month = {04},
    issn = {0033-362X},
    eprint = {https://academic.oup.com/poq/article-pdf/81/S1/250/18138915/nfw060.pdf},
}

@article{breusch1979simple,
  title={A simple test for heteroscedasticity and random coefficient variation},
  author={Breusch, Trevor S and Pagan, Adrian R},
  journal={Econometrica: Journal of the econometric society},
  pages={1287--1294},
  year={1979},
  publisher={JSTOR}
}

@article{hon2012stock,
  title={Stock market investors: Who is more rational, and who relies on intuition},
  author={Hon-Snir, Shlomit and Kudryavtsev, Andrey and Cohen, Gil},
  journal={International Journal of Economics and Finance},
  volume={4},
  number={5},
  pages={56--72},
  year={2012}
}

@article{gilovich1985hot,
  title={The hot hand in basketball: On the misperception of random sequences},
  author={Gilovich, Thomas and Vallone, Robert and Tversky, Amos},
  journal={Cognitive psychology},
  volume={17},
  number={3},
  pages={295--314},
  year={1985},
  publisher={Elsevier}
}

@article{fong2014trend,
  title={Trend-Chasing},
  author={Fong, Wai Mun},
  journal={The Lottery Mindset: Investors, Gambling and the Stock Market},
  pages={46--76},
  year={2014},
  publisher={Springer}
}

@book{laplace1796philosophical,
  title={A philosophical essay on probabilities},
  author={Laplace, Pierre-Simon},
  year={2012}
}

@article{tversky1971belief,
  title={Belief in the law of small numbers.},
  author={Tversky, Amos and Kahneman, Daniel},
  journal={Psychological bulletin},
  volume={76},
  number={2},
  pages={105},
  year={1971},
  publisher={American Psychological Association}
}

@article{lee2008analysis,
  title={An analysis of financial analysts' optimism in long-term growth forecasts},
  author={Lee, Byunghwan and O'Brien, John and Sivaramakrishnan, Konduru},
  journal={The Journal of Behavioral Finance},
  volume={9},
  number={3},
  pages={171--184},
  year={2008},
  publisher={Taylor \& Francis}
}

@article{tversky1973availability,
  title={Availability: A heuristic for judging frequency and probability},
  author={Tversky, Amos and Kahneman, Daniel},
  journal={Cognitive psychology},
  volume={5},
  number={2},
  pages={207--232},
  year={1973},
  publisher={Elsevier}
}

@misc{scribbrWhatOptimism,
	author = {Kassiani Nikolopoulou},
	title = {{W}hat {I}s {O}ptimism {B}ias? | {D}efinition \& {E}xamples. {S}cribbr},
	url = {https://www.scribbr.com/research-bias/optimism-bias/},
	year = {2023}
}

@article{hanna2020news,
  title={News media and investor sentiment during bull and bear markets},
  author={Hanna, Alan J and Turner, John D and Walker, Clive B},
  journal={The European Journal of Finance},
  volume={26},
  number={14},
  pages={1377--1395},
  year={2020},
  publisher={Taylor \& Francis}
}

@article{kim2007behavior,
  title={The behavior of Japanese individual investors during bull and bear markets},
  author={Kim, Kenneth A and Nofsinger, John R},
  journal={The Journal of Behavioral Finance},
  volume={8},
  number={3},
  pages={138--153},
  year={2007},
  publisher={Taylor \& Francis}
}

@article{ho2018modelling,
  title={Modelling analysts’ target price revisions following good and bad news?},
  author={Ho, Tuan Q and Strong, Norman and Walker, Martin},
  journal={Accounting and Business Research},
  volume={48},
  number={1},
  pages={37--61},
  year={2018},
  publisher={Taylor \& Francis}
}

@article{han2013new,
  title={A new anomaly: The cross-sectional profitability of technical analysis},
  author={Han, Yufeng and Yang, Ke and Zhou, Guofu},
  journal={Journal of Financial and Quantitative Analysis},
  volume={48},
  number={5},
  pages={1433--1461},
  year={2013},
  publisher={Cambridge University Press}
}

@article{cai2011leverage,
  title={Leverage change, debt overhang, and stock prices},
  author={Cai, Jie and Zhang, Zhe},
  journal={Journal of Corporate Finance},
  volume={17},
  number={3},
  pages={391--402},
  year={2011},
  publisher={Elsevier}
}

@article{de2010accuracy,
  title={Accuracy and Bias of Equity Analysts in an Environment Characterised by Higher Disclosure: Empirical Evidence from the Italian Market},
  author={De Vincentiis, Paola},
  year={2010},
  journal={EMFI Working Paper}
}

@article{capstaff2004share,
  title={Share price reaction to dividend announcements: Empirical evidence on the signaling model from the Oslo stock exchange},
  author={Capstaff, John and Klaeboe, Audun and Marshall, Andrew P},
  journal={Multinational Finance Journal},
  volume={8},
  number={1/2},
  pages={115--139},
  year={2004}
}

@article{feuerriegel2015information,
  title={Information processing of foreign exchange news: Extending the overshooting model to include qualitative information from news sentiment},
  author={Feuerriegel, Stefan and Wolff, Georg and Neumann, Dirk},
  journal={Available at SSRN 2603435},
  year={2015}
}

@article{naseer2015efficient,
  title={The efficient market hypothesis: A critical review of the literature},
  author={Naseer, Mehwish and Bin Tariq, Dr Yasir},
  journal={The IUP Journal of Financial Risk Management},
  volume={12},
  number={4},
  pages={48--63},
  year={2015}
}

@article{kearney2014textual,
  title={Textual sentiment in finance: A survey of methods and models},
  author={Kearney, Colm and Liu, Sha},
  journal={International Review of Financial Analysis},
  volume={33},
  pages={171--185},
  year={2014},
  publisher={Elsevier}
}

@book{cox2006principles,
  title={Principles of Statistical Inference},
  author={Cox, David Roxbee},
  year={2006},
  publisher={Cambridge University Press}
}

@book{freedman2009statistical,
  title={Statistical Models: Theory and Practice},
  author={Freedman, D.},
  isbn={9780521743853},
  year={2009},
  publisher={Cambridge University Press}
}


@article{SUTTON2005303,
  title={Classification and regression trees, bagging, and boosting},
  author={Sutton, Clifton D},
  journal={Handbook of statistics},
  volume={24},
  pages={303--329},
  year={2005},
  publisher={Elsevier}
}

@article{cortes2012l2,
  title={L2 regularization for learning kernels},
  author={Cortes, Corinna and Mohri, Mehryar and Rostamizadeh, Afshin},
  journal={arXiv preprint arXiv:1205.2653},
  year={2012}
}

@misc{investopediaUsingHistorical,
	author = {Harper, David},
	title = {{U}sing {H}istorical {V}olatility {T}o {G}auge {F}uture {R}isk. {I}nvestopedia},
	year = {2023},
    url = {https://www.investopedia.com/articles/06/historicalvolatility.asp},
}

@article{alibrahim2021hyperparameter,
  title={Hyperparameter optimization: Comparing genetic algorithm against grid search and bayesian optimization},
  author={Alibrahim, Hussain and Ludwig, Simone A.},
  pages={1551--1559},
  year={2021},
  organization={IEEE}
}

@misc{paretoAdevinta,
  title={Time to go long - Up to Buy},
  author={{Pareto Securities}}, 
  year={2023},
  note={Published equity research report on Adevinta}
}

@misc{investopediaAlphaWhat,
	author = {Chen, James},
	title = {{A}lpha: {W}hat {I}t {M}eans in {I}nvesting, {W}ith {E}xamples. {I}nvestopedia},
	year = {2023},
    url = {https://www.investopedia.com/terms/a/alpha.asp},
}

@article{tuckett2009addressing,
  title={Addressing the psychology of financial markets},
  author={Tuckett, David},
  journal={Economics},
  volume={3},
  number={1},
  pages={20090040},
  year={2009},
  publisher={Sciendo}
}

@misc{towardsdatascienceEvolvedFinancial,
	author = {Neo Yi Peng},
	title = {{H}ow {N}{L}{P} has evolved for {F}inancial {S}entiment {A}nalysis. {M}edium},
	url = {https://towardsdatascience.com/how-nlp-has-evolved-for-financial-sentiment-analysis-fb2990d9b3ed},
	year = {2020}
}

@article{margoshes1960price,
  title={Price/Earnings Ratio in Financial Analysis… Its Use and Abuse},
  author={Margoshes, Sanford L},
  journal={Financial Analysts Journal},
  volume={16},
  number={6},
  pages={125--130},
  year={1960},
  publisher={Taylor \& Francis}
}

@misc{virginiaInterpretingTransformations,
	author = {Clay Ford},
	title = {{I}nterpreting {L}og {T}ransformations in a {L}inear {M}odel. {U}niversity of {V}irginia {L}ibrary},
    url = {https://library.virginia.edu/data/articles/interpreting-log-transformations-in-a-linear-model},
	year = {2018},
}

@misc{carnegie,
	author = {Carnegie},
	title = {Disclosures and disclaimers},
	year = {2021},
    URL = {https://www.carnegie.se/app/uploads/2021/09/stillfront.pdf},
}

@misc{pareto,
	author = {{Pareto Securities}},
	title = {Disclaimer and legal disclosures},
	year = {2023},
    URL = {https://paretosec.com/compliancedownloads/disclaimer.pdf},
}

@misc{xgboostdochyp,
    author = {{XGBoost Developers}},
    year = {2023},
	title = {{XGBoost Parameters — xgboost 2.0.2 documentation}},
	url = {https://xgboost.readthedocs.io/en/stable/parameter.html},
}
@misc{dnb,
	author = {{DNB Markets}},
	title = {Terms},
	year = {2016},
    URL = {https://www.dnbalpha.com/terms/},
}

@misc{investopediaGamblersFallacy,
	author = {Kenton, Will},
	title = {{G}ambler's {F}allacy: {O}verview and {E}xamples. {I}nvestopedia},
	year = {2023},
    URL = {https://www.investopedia.com/terms/g/gamblersfallacy.asp},
}

@article{fortin2007analyst,
  title={Analyst coverage of small cap firms in a period of brokerage firm retrenchment},
  author={Fortin, Rich and Roth, Greg and others},
  journal={Journal of Business \& Economics Research (JBER)},
  volume={5},
  number={12},
  year={2007}
}

@article{pang2008opinion,
  title={Opinion mining and sentiment analysis},
  author={Pang, Bo and Lee, Lillian},
  journal={Foundations and Trends{\textregistered} in information retrieval},
  volume={2},
  number={1--2},
  pages={1--135},
  year={2008},
  publisher={Now Publishers, Inc.}
}

@article{dechow2020understanding,
  title={Understanding the determinants of analyst target price implied returns},
  author={Dechow, Patricia M and You, Haifeng},
  journal={The Accounting Review},
  volume={95},
  number={6},
  pages={125--149},
  year={2020},
  publisher={American Accounting Association}
}

@misc{aksjenorge2023,
	author = {{Aksje Norge}},
	title = {NORDMENN OG AKSJER - Andre Kvartal 2023},
	year = {2023},
    URL = {https://aksjenorge.no/wp-content/uploads/2023/07/AksjeNorge-Aksjestatistikk-2kvartal-2023.pdf},
}

@misc{forbesAIbubble,
	author = {{Forbes}},
	title = {Is The Stock Market In A Bubble Right Now?},
	year = {2023},
    URL = {https://www.forbes.com/sites/qai/2023/07/07/is-the-stock-market-in-a-bubble-right-now/},
}